@misc{klus2023continuous,
      title={Continuous optimization methods for the graph isomorphism problem}, 
      author={Stefan Klus and Patrick Gelß},
      year={2023},
      eprint={2311.16912},
      archivePrefix={arXiv}
}
@misc{mücke2024sudoku,
      title={A Simple QUBO Formulation of Sudoku}, 
      author={Sascha Mücke},
      year={2024},
      eprint={2403.04816},
      archivePrefix={arXiv}
}

@article{ILPsudoku,
	author = {Fahren Bukhari and Sri Nurdiati and Mohamad Najib and Nandika Safiqri},
	title = {Formulation of Sudoku Puzzle Using Binary Integer Linear Programming and Its Implementation in Julia, Python, and Minizinc},
	journal = {Jambura Journal of Mathematics},
	volume = {4},
	number = {2},
	year = {2022},
	keywords = {Julia; Linear Programming; Minizinc; Python; Sudoku},
	issn = {2656-1344},	pages = {323--331},	doi = {10.34312/jjom.v4i2.14194},
}

@misc{tutorialQUBO,
	title={A Tutorial on Formulating and Using QUBO Models}, 
	author={Fred Glover and Gary Kochenberger and Yu Du},
	year={2019},
	eprint={1811.11538},
	archivePrefix={arXiv},
	primaryClass={cs.DS},
	url={https://arxiv.org/abs/1811.11538}, 
}

@misc{quantumAnnealingDWave,
    title={What is Quantum Annealing?}, 
    author={D-Wave Systems},
    urldate = {2024-07-07},
    url={https://docs.dwavesys.com/docs/latest/c_gs_2.html}, 
}

@article{Yarkoni_2022,
   title={Quantum annealing for industry applications: introduction and review},
   volume={85},
   ISSN={1361-6633},
   url={http://dx.doi.org/10.1088/1361-6633/ac8c54},
   DOI={10.1088/1361-6633/ac8c54},
   number={10},
   journal={Reports on Progress in Physics},
   publisher={IOP Publishing},
   author={Yarkoni, Sheir and Raponi, Elena and Bäck, Thomas and Schmitt, Sebastian},
   year={2022},
   month=sep, pages={104001} }

@misc{tasseff2022emergingpotentialquantumannealing,
    title={On the Emerging Potential of Quantum Annealing Hardware for Combinatorial Optimization}, 
    author={Byron Tasseff and Tameem Albash and Zachary Morrell and Marc Vuffray and Andrey Y. Lokhov and Sidhant Misra and Carleton Coffrin},
    year={2022},
    eprint={2210.04291},
    archivePrefix={arXiv},
    primaryClass={math.OC},
    url={https://arxiv.org/abs/2210.04291}, 
}

@article{Rajak_2022,
   title={Quantum annealing: an overview},
   volume={381},
   ISSN={1471-2962},
   url={http://dx.doi.org/10.1098/rsta.2021.0417},
   DOI={10.1098/rsta.2021.0417},
   number={2241},
   journal={Philosophical Transactions of the Royal Society A: Mathematical, Physical and Engineering Sciences},
   publisher={The Royal Society},
   author={Rajak, Atanu and Suzuki, Sei and Dutta, Amit and Chakrabarti, Bikas K.},
   year={2022},
   month=dec }

@misc{DWaveSystemsAdvantage,
    title={Advantage Processor Overview}, 
    author={Catherine McGeoch and Pau Farré},
    url={https://www.dwavesys.com/resources/white-paper/the-d-wave-advantage-system-an-overview/},
    year={2022},
    urldate = {2024-07-08},
    organization = {dwavesys.com}
}
